@article{bcmbn,
author={A. Beléndez and C. Pascual and D.I. Méndez and T. Beléndez and C. Neipp},
journal={Revista Brasileira de Ensino de Física},
pages={645-648},
title={Exact solution for the nonlinear pendulum},
volume={29},
year{2007}}
@article{abramo,
}
