@article{bcmbn,
author={A. Beléndez and C. Pascual and D.I. Méndez and T. Beléndez and C. Neipp},
journal={Revista Brasileira de Ensino de Física},
pages={645-648},
title={Exact solution for the nonlinear pendulum},
volume={29},
year{2007}}

@book{abramo,
author={L.M. Milne-Thomson and M. Abramowitz and I.A. Stegun},
publisher={Dover Publications, Inc.},
booktitle={Handbook of Mathematical Functions},
address={Nova Iorque},
year={1982}}

